%% This BibTeX bibliography file was created using BibDesk.
%% http://bibdesk.sourceforge.net/

%% Created for Josh Asch at 2016-11-17 16:20:55 +0000 


%% Saved with string encoding Unicode (UTF-8) 



@inproceedings{rensink2004,
	Author = {A. Rensink},
	Booktitle = {Applications of Graph Transformations with Industrial Relevance},
	Date-Added = {2016-11-17 16:14:43 +0000},
	Date-Modified = {2016-11-17 16:20:55 +0000},
	Pages = {479--485},
	Series = {Lecture Notes in Computer Science},
	Title = {The {GROOVE} Simulator: A Tool for State Space Generation},
	Volume = {3062},
	Year = {2004}}

@incollection{ermel1999,
	Author = {C. Ermel and M. Rudolf and G. Taentzer and others},
	Booktitle = {Handbook of Graph Grammars and Computing by Graph Transformation},
	Date-Added = {2016-11-17 15:51:52 +0000},
	Date-Modified = {2016-11-17 15:53:47 +0000},
	Pages = {551--603},
	Publisher = {World Scientific Publishing Co., Inc.},
	Title = {The {AGG} Approach: Language and Environment},
	Year = {1999}}

@incollection{schurr1999,
	Author = {A. Sch\"{u}rr and A.J. Winter and A. Z\"{undorf}},
	Booktitle = {Handbook of Graph Grammars and Computing by Graph Transformation},
	Date-Added = {2016-11-17 15:39:53 +0000},
	Date-Modified = {2016-11-17 15:43:10 +0000},
	Pages = {487--550},
	Publisher = {World Scientific Publishing Co., Inc.},
	Title = {The {PROGRES} Approach: Language and Environment},
	Year = {1999}}

@phdthesis{bak2015,
	Author = {Chris Bak},
	Date-Added = {2016-11-10 16:21:04 +0000},
	Date-Modified = {2016-11-10 16:22:27 +0000},
	Month = {September},
	School = {University of York},
	Title = {{GP} 2: Efficient Implementation of a Graph Programming Language},
	Year = {2015}}

@inproceedings{plump2009,
	Author = {Detlef Plump},
	Booktitle = {Algebraic Informatics: Third International Conference, CAI 2009, Thessaloniki, Greece, May 19-22, 2009, Proceedings},
	Date-Added = {2016-11-10 16:19:57 +0000},
	Date-Modified = {2016-11-10 16:30:07 +0000},
	Isbn = {978-3-642-03564-7},
	Journal = {Algebraic Informatics},
	Pages = {99--122},
	Series = {Lecture Notes in Computer Science},
	Title = {The Graph Programming Language {GP}},
	Volume = {5725},
	Year = {2009}}

@mastersthesis{taylor2016,
	Author = {Huw Taylor},
	Date-Added = {2016-11-10 15:57:04 +0000},
	Date-Modified = {2016-11-10 16:15:04 +0000},
	Month = {April},
	School = {University of York},
	Title = {Tracing \& Debugging {GP2}},
	Year = {2016}}
